@article{sannikov2008continuous,
  title={A continuous-time version of the principal-agent problem},
  author={Sannikov, Yuliy},
  journal={The Review of Economic Studies},
  volume={75},
  number={3},
  pages={957--984},
  year={2008},
  publisher={Wiley-Blackwell}
}

@article{cadenillas2002executive,
  title={Executive stock options with effort disutility and choice of volatility},
  author={Cadenillas, Abel and Cvitanic, Jak{\v{s}}a and Zapatero, Fernando},
  journal={Journal of Financial Economics},
  year={2002}
}

@article{cadenillas2005executive,
  title={Executive stock options as a screening mechanism},
  author={Cadenillas, Abel and Zapatero, Fernando and Cvitanic, Jaksa},
  journal={Available at SSRN 676261},
  year={2005}
}

@article{marquardt2002cost,
  title={The cost of employee stock option grants: An empirical analysis},
  author={Marquardt, Carol A},
  journal={Journal of Accounting Research},
  volume={40},
  number={4},
  pages={1191--1217},
  year={2002},
  publisher={Wiley Online Library}
}

@article{gottlieb2014simultaneous,
  title={Simultaneous adverse selection and moral hazard},
  author={Gottlieb, Daniel and Moreira, Humberto},
  journal={Wharton School and EPGE/FGV Working Paper},
  year={2014}
}

@article{jullien2007screening,
  title={Screening risk-averse agents under moral hazard: single-crossing and the CARA case},
  author={Jullien, Bruno and Salanie, Bernard and Salanie, Francois},
  journal={Economic Theory},
  volume={30},
  pages={151--169},
  year={2007},
  publisher={Springer}
}

@article{marechal2018optimal,
  title={The optimal contract under adverse selection in a moral-hazard model with a risk-averse agent},
  author={Mar{\'e}chal, Fran{\c{c}}ois and Thomas, Lionel},
  journal={Games},
  volume={9},
  number={1},
  pages={12},
  year={2018},
  publisher={MDPI}
}

